@Book{ NewEntry1,
	title = "Introduction to p-adic numbers and valuation theory",
	author = "George Bachman",
	editor = "A. Shenitzer and W. Magnus",
	publisher = "Academic Press",
	year = "1964"
}

@Article{ NewEntry2,
	title = "The p-adic numbers of Hensel",
	author = "C. C. MacDuffe",
	journal = "The American Mathematical Monthly",
	pages = "500--508",
	volume = "45",
	number = "8",
	year = "1938"
}

@Misc{ NewEntry3,
	title = "Lecture on p-adic numbers",
	author = "Franz Lemmermeyer",
	month = mar,
	year = "2004"
}

@Book{ NewEntry4,
	title = "Introduction to p-adic numbers and their functions",
	author = "Kurt Mahler",
	editor = "H. Bass and J. F. C. Kingman and F. Smithies and J. A. Todd and C. T. C. Wall",
	publisher = "Cambridge at the university press",
	volume = "64",
	year = "1973"
}

